% This file was created with JabRef 2.10b2.
% Encoding: UTF-8


@InProceedings{DBLP:conf/popl/BeyeneCPR14,
  Title                    = {A constraint-based approach to solving games on infinite graphs},
  Author                   = {Tewodros A. Beyene and Swarat Chaudhuri and Corneliu Popeea and Andrey Rybalchenko},
  Booktitle                = {POPL},
  Year                     = {2014},
  Pages                    = {221-234},

  Bibsource                = {DBLP, http://dblp.uni-trier.de},
  Crossref                 = {DBLP:conf/popl/2014},
  Ee                       = {http://doi.acm.org/10.1145/2535838.2535860}
}

@InProceedings{DBLP:conf/ifipTCS/BodlaenderHKSWZ12,
  Title                    = {Cinderella versus the Wicked Stepmother},
  Author                   = {Marijke H. L. Bodlaender and Cor A. J. Hurkens and Vincent J. J. Kusters and Frank Staals and Gerhard J. Woeginger and Hans Zantema},
  Booktitle                = {IFIP TCS},
  Year                     = {2012},
  Pages                    = {57-71},

  Bibsource                = {DBLP, http://dblp.uni-trier.de},
  Crossref                 = {DBLP:conf/ifipTCS/2012},
  Ee                       = {http://dx.doi.org/10.1007/978-3-642-33475-7_5}
}

@InProceedings{DBLP:journals/corr/abs-1210-2449,
  Title                    = {Rapid Recovery for Systems with Scarce Faults},
  Author                   = {Chung-Hao Huang and Doron Peled and Sven Schewe and Farn Wang},
  Booktitle                = {GandALF},
  Year                     = {2012},
  Pages                    = {15-28},

  Bibsource                = {DBLP, http://dblp.uni-trier.de},
  Crossref                 = {DBLP:journals/corr/abs-1210-2028},
  Ee                       = {http://dx.doi.org/10.4204/EPTCS.96.2}
}

@Misc{ABCTool,
  Title                    = {{ABC}: A System for Sequential Synthesis and Verification, Release 140221, \url{http://www.eecs.berkeley.edu/~alanmi/abc/}},

  Author                   = {{Berkeley Logic Synthesis and Verification Group}}
}

@Article{DBLP:journals/jcss/BloemJPPS12,
  Title                    = {Synthesis of Reactive(1) designs},
  Author                   = {Roderick Bloem and Barbara Jobstmann and Nir Piterman and Amir Pnueli and Yaniv Sa'ar},
  Journal                  = {J. Comput. Syst. Sci.},
  Year                     = {2012},
  Number                   = {3},
  Pages                    = {911-938},
  Volume                   = {78},

  Bibsource                = {DBLP, http://dblp.uni-trier.de},
  Ee                       = {http://dx.doi.org/10.1016/j.jcss.2011.08.007}
}

@Misc{SlugsReference,
  Title                    = {Slugs {GR}(1) Synthesizer},

  Author                   = {R{\"u}diger Ehlers AND Cameron Finucane AND Vasumathi Raman},
  HowPublished             = {\url{http://github.com/ltlmop/slugs}},
  Year                     = {2013},

  Timestamp                = {2013.10.09}
}

@InProceedings{EhlersTopcuHSCC2014,
  Title                    = {Resilience to Intermittent Assumption Violations in Reactive Synthesis},
  Author                   = {R{\"u}diger Ehlers and Ufuk Topcu},
  Booktitle                = {HSCC},
  Year                     = {2014}
}

@Article{Hurkens2011,
  Title                    = {How Cinderella Won the Bucket Game (and Lived Happily Ever After)},
  Author                   = {Antonius J. C. Hurkens AND Cor A. J. Hurkens AND Gerhard J. Woeginger},
  Journal                  = {Mathematics Magazine},
  Year                     = {2011},
  Number                   = {4},
  Pages                    = {278-283},
  Volume                   = {84},

  Owner                    = {ruedi},
  Timestamp                = {2014.03.13}
}

@Proceedings{DBLP:conf/ifipTCS/2012,
  Title                    = {Theoretical Computer Science - 7th IFIP TC 1/WG 2.2 International Conference, TCS 2012, Amsterdam, The Netherlands, September 26-28, 2012. Proceedings},
  Year                     = {2012},
  Editor                   = {Jos C. M. Baeten and Thomas Ball and Frank S. de Boer},
  Publisher                = {Springer},
  Series                   = {Lecture Notes in Computer Science},
  Volume                   = {7604},

  Bibsource                = {DBLP, http://dblp.uni-trier.de},
  Booktitle                = {IFIP TCS},
  Ee                       = {http://dx.doi.org/10.1007/978-3-642-33475-7},
  ISBN                     = {978-3-642-33474-0}
}

@Proceedings{DBLP:journals/corr/abs-1210-2028,
  Title                    = {Proceedings Third International Symposium on Games, Automata, Logics and Formal Verification},
  Year                     = {2012},
  Editor                   = {Marco Faella and Aniello Murano},
  Series                   = {EPTCS},
  Volume                   = {96},

  Bibsource                = {DBLP, http://dblp.uni-trier.de},
  Booktitle                = {GandALF},
  Ee                       = {http://dx.doi.org/10.4204/EPTCS.96}
}

@Proceedings{DBLP:conf/popl/2014,
  Title                    = {The 41st Annual ACM SIGPLAN-SIGACT Symposium on Principles of Programming Languages, POPL '14, San Diego, CA, USA, January 20-21, 2014},
  Year                     = {2014},
  Editor                   = {Suresh Jagannathan and Peter Sewell},
  Publisher                = {ACM},

  Bibsource                = {DBLP, http://dblp.uni-trier.de},
  Booktitle                = {POPL},
  Ee                       = {http://dl.acm.org/citation.cfm?id=2535838},
  ISBN                     = {978-1-4503-2544-8}
}

